@inproceedings {194952,
	author = {Mosharaf Chowdhury and Zhenhua Liu and Ali Ghodsi and Ion Stoica},
	title = {{HUG}: Multi-Resource Fairness for Correlated and Elastic Demands},
	booktitle = {13th {USENIX} Symposium on Networked Systems Design and Implementation ({NSDI} 16)},
	year = {2016},
	isbn = {978-1-931971-29-4},
	address = {Santa Clara, CA},
	pages = {407--424},
	url = {https://www.usenix.org/conference/nsdi16/technical-sessions/presentation/chowdhury},
	publisher = {{USENIX} Association},
}
