@inproceedings {HUG,
	author = {Mosharaf Chowdhury and Zhenhua Liu and Ali Ghodsi and Ion Stoica},
	title = {{HUG}: Multi-Resource Fairness for Correlated and Elastic Demands},
	booktitle = {Proceedings of USENIX Conference on Networked Systems Design and Implementation},
	year = {2016},
	pages = {407--424},
  	publisher = {{USENIX}},
}
@inproceedings{Spark,
 author = {Zaharia, Matei and Chowdhury, Mosharaf and Das, Tathagata and Dave, Ankur and Ma, Justin and McCauley, Murphy and Franklin, Michael J. and Shenker, Scott and Stoica, Ion},
 title = {Resilient Distributed Datasets: A Fault-tolerant Abstraction for In-memory Cluster Computing},
 booktitle = {Proceedings of USENIX Conference on Networked Systems Design and Implementation},
 year = {2012},
 pages = {15--28},
 publisher = {{USENIX}},
}
@article{MapReduce,
 author = {Dean, Jeffrey and Ghemawat, Sanjay},
 title = {MapReduce: Simplified Data Processing on Large Clusters},
 journal = {Communications of the ACM},
 volume = {51},
 year = {2008},
 pages = {107--113},
 number = {1},
 publisher={ACM},
}
@misc{Hadoop,
	title = {Apache {Hadoop}},
	url = {http://hadoop.apache.org/},
	urldate = {2018-08-10}
}
@inproceedings{varys,
  title={Efficient coflow scheduling with varys},
  author={Chowdhury, Mosharaf and Zhong, Yuan and Stoica, Ion},
  booktitle={Proceedings of Conference of the ACM Special Interest Group on Data Communication},
  pages={443--454},
  year={2014},
  publisher={ACM},
}
@inproceedings{aalo,
  title={Efficient coflow scheduling without prior knowledge},
  author={Chowdhury, Mosharaf and Stoica, Ion},
  booktitle={Proceedings of Conference of the ACM Special Interest Group on Data Communication},
  pages={393--406},
  year={2015},
  publisher={ACM},
}
@inproceedings{bingchuan,
  title={Scheduling Coflows of Multi-stage Jobs to Minimize the Total Weighted Job Completion Time},
  author={Tian, Bingchuan and Tian, Chen and Dai, Haipeng and Wang, Bingquan},
  booktitle={Proceedings of IEEE International Conference on Computer Communications},
  year={2018},
  publisher={IEEE},
}
@inproceedings{jupiter,
  title={Jupiter rising: A decade of clos topologies and centralized control in google's datacenter network},
  author={Singh, Arjun and Ong, Joon and Agarwal, Amit and Anderson, Glen and Armistead, Ashby and Bannon, Roy and Boving, Seb and Desai, Gaurav and Felderman, Bob and Germano, Paulie and others},
  booktitle={Proceedings of Conference of the ACM Special Interest Group on Data Communication},
  pages={183--197},
  year={2015},
  publisher={ACM},
}
@inproceedings{coflow,
  title={Coflow:a networking abstraction for cluster applications},
  author={Chowdhury, Mosharaf and Stoica, Ion},
  booktitle={Proceedings of ACM Workshop on Hot Topics in Networks},
  pages={31-36},
  year={2012},
  publisher={ACM},
}
@inproceedings{DRF,
  title={Dominant Resource Fairness: Fair Allocation of Multiple Resource Types},
  author={Ghodsi, Ali and Zaharia, Matei and Hindman, Benjamin and Konwinski, Andy and Shenker, Scott and Stoica, Ion},
  booktitle={Proceedings of USENIX Conference on Networked Systems Design and Implementation},
  pages={323-336},
  year={2011},
  publisher={USENIX},
}
@article{coflowsurvey,
  title={A Survey of Coflow Scheduling Schemes for Data Center Networks},
  author={Wang, Shuo and Zhang, Jiao and Huang, Tao and Liu, Jiang and Pan, Tian and Liu, Yunjie},
  journal={IEEE Communications Magazine},
  year={2018},
  publisher={IEEE},
}
@inproceedings{utopia,
  title={Utopia: Near-optimal Coflow Scheduling with Isolation Guarantee},
  author={Li, Bo and Wang, Luping and Wang, Wei},
  booktitle={Proceedings of IEEE International Conference on Computer Communications},
  year={2018},
  publisher={IEEE},
}

@inproceedings{coflex,
  title={Coflex: Navigating the fairness-efficiency tradeoff for coflow scheduling},
  author={Wang, Wei and Ma, Shiyao and Li, Bo and Li, Baochun},
  booktitle={Proceedings of IEEE International Conference on Computer Communications},
  pages={1--9},
  year={2017},
  publisher={IEEE},
}
@inproceedings{orchestra,
  title={Managing data transfers in computer clusters with orchestra},
  author={Chowdhury, Mosharaf and Zaharia, Matei and Ma, Justin and Jordan, Michael I and Stoica, Ion},
  booktitle={Proceedings of Conference of the ACM Special Interest Group on Data Communication},
  pages={98--109},
  year={2011},
  publisher={ACM},
}
@inproceedings{coda,
  title={CODA: Toward automatically identifying and scheduling coflows in the dark},
  author={Zhang, Hong and Chen, Li and Yi, Bairen and Chen, Kai and Chowdhury, Mosharaf and Geng, Yanhui},
  booktitle={Proceedings of Conference of the ACM Special Interest Group on Data Communication},
  pages={160--173},
  year={2016},
  publisher={ACM},
}
@inproceedings{minimizing,
  title={Minimizing the total weighted completion time of coflows in datacenter networks},
  author={Qiu, Zhen and Stein, Cliff and Zhong, Yuan},
  booktitle={Proceedings of ACM symposium on Parallelism in Algorithms and Architectures},
  pages={294--303},
  year={2015},
  publesher={ACM},
}
@inproceedings{faircloud,
  title={FairCloud: sharing the network in cloud computing},
  author={Popa, Lucian and Kumar, Gautam and Chowdhury, Mosharaf and Krishnamurthy, Arvind and Ratnasamy, Sylvia and Stoica, Ion},
  booktitle={Proceedings of Conference of the ACM Special Interest Group on Data Communication},
  pages={187--198},
  year={2012},
  publisher={ACM},
}
@inproceedings{fair,
  title={Fair Coflow Scheduling without Prior Knowledge},
  author={Wang, Luping and Wang, Wei},
  booktitle={Proceedings of IEEE Conference on Distributed Computing Systems},
  year={2018},
  pages={22--32},
  publisher={IEEE},
}
@inproceedings{dryad,
  title={Dryad: distributed data-parallel programs from sequential building blocks},
  author={Isard, Michael and Budiu, Mihai and Yu, Yuan and Birrell, Andrew and Fetterly, Dennis},
  booktitle={Proceedings of ACM SIGOPS/EuroSys Conference on Computer Systems},
  pages={59--72},
  year={2007},
  publisher={ACM},
}
@inproceedings{barrat,
  title={Decentralized task-aware scheduling for data center networks},
  author={Dogar, Fahad R and Karagiannis, Thomas and Ballani, Hitesh and Rowstron, Antony},
  booktitle={Proceedings of Conference of the ACM Special Interest Group on Data Communication},
  pages={431--442},
  year={2014},
  publisher={ACM},
}
@inproceedings{stream,
  title={Stream: Decentralized opportunistic inter-coflow scheduling for datacenter networks},
  author={Susanto, Hengky and Jin, Hao and Chen, Kai and others},
  booktitle={Proceedings of IEEE International Conference on Network Protocols},
  pages={1--10},
  year={2016},
  publisher={IEEE},
}
@inproceedings{optimizing,
  title={Optimizing coflow completion times with utility max-min fairness},
  author={Chen, Li and Cui, Wei and Li, Baochun and Li, Bo},
  booktitle={Proceedings of IEEE International Conference on Computer Communications},
  pages={1--9},
  year={2016},
  publisher={IEEE},
}
@misc{benchmark,
	title = {Coflow-Benchmark},
	url = {https://github.com/coflow/coflow-benchmark},
	urldate = {2018-08-10}
}