@inproceedings {HUG,
	author = {Mosharaf Chowdhury and Zhenhua Liu and Ali Ghodsi and Ion Stoica},
	title = {{HUG}: Multi-Resource Fairness for Correlated and Elastic Demands},
	booktitle = {Proc. {USENIX} Symposium on Networked Systems Design and Implementation ({NSDI} 16)},
	year = {2016},
    month = mar,
	address = {Santa Clara, CA},
	pages = {407--424},
    publisher = {{USENIX} Association},
}
@inproceedings{Spark,
 author = {Zaharia, Matei and Chowdhury, Mosharaf and Das, Tathagata and Dave, Ankur and Ma, Justin and McCauley, Murphy and Franklin, Michael J. and Shenker, Scott and Stoica, Ion},
 title = {Resilient Distributed Datasets: A Fault-tolerant Abstraction for In-memory Cluster Computing},
 booktitle = {Proceedings of the 9th USENIX Conference on Networked Systems Design and Implementation},
 year = {2012},
 pages = {2--2},
 address = {Berkeley, CA, USA},
}
@article{MapReduce,
 author = {Dean, Jeffrey and Ghemawat, Sanjay},
 title = {MapReduce: Simplified Data Processing on Large Clusters},
 journal = {Commun. ACM},
 volume = {51},
 month = jan,
 year = {2008},
 pages = {107--113},
 number = {7},
}
@misc{Hadoop,
	title = {Apache {Hadoop}},
	url = {http://hadoop.apache.org/},
	urldate = {2018-05-16}
}
@inproceedings{varys,
  title={Efficient coflow scheduling with varys},
  author={Chowdhury, Mosharaf and Zhong, Yuan and Stoica, Ion},
  booktitle={ACM SIGCOMM Computer Communication Review},
  volume={44},
  number={4},
  pages={443--454},
  year={2014},
}
@inproceedings{aalo,
  title={Efficient coflow scheduling without prior knowledge},
  author={Chowdhury, Mosharaf and Stoica, Ion},
  booktitle={ACM SIGCOMM Computer Communication Review},
  volume={45},
  number={4},
  pages={393--406},
  year={2015},
  organization={ACM}
}
@article{bingchuan,
  title={Scheduling Coflows of Multi-stage Jobs to Minimize the Total Weighted Job Completion Time},
  author={Tian, Bingchuan and Tian, Chen and Dai, Haipeng and Wang, Bingquan},
  booktitle={INFOCOM 2018-IEEE Conference on Computer Communications, IEEE},
}
@inproceedings{jupiter,
  title={Jupiter rising: A decade of clos topologies and centralized control in google's datacenter network},
  author={Singh, Arjun and Ong, Joon and Agarwal, Amit and Anderson, Glen and Armistead, Ashby and Bannon, Roy and Boving, Seb and Desai, Gaurav and Felderman, Bob and Germano, Paulie and others},
  booktitle={ACM SIGCOMM Computer Communication Review},
  volume={45},
  number={4},
  pages={183--197},
  year={2015},
  organization={ACM}
}